@misc{BLS:2013a,
author = {{BLS}},
title = {{Bureau of Labor Statistics International Labor Comparisons Online Database}},
year = {2013},
howpublished = {\protect\url{http://www.bls.gov/fls/intl_gdp_capita_gdp_hour.htm}}
}

@manual{EES,
title = {EES: Engineering Equation Solver},
author = {Klein, Sandy},
organization = {F-Chart Software},
address = {Vienna, Austria},
year = {2013},
url = {http://fchart.com/assets/downloads/ees_manual.pdf}
}

@book{Gandrud:2013vx,
author = {Gandrud, Christopher},
title = {{Reproducible Research with \texttt{R} and \texttt{RStudio}}},
publisher = {Taylor {\&} Francis},
year = {2013},
series = {Chapman {\&} Hall/CRC The R Series},
address = {Oxford, UK},
edition = {1st},
month = {Jul}
}

@article{Hamilton:2012ww,
author = {Hamilton, Brady E and Martin, Joyce A and Ventura, Stephanie},
title = {{Births: Preliminary Data for 2011}},
journal = {National Vital Statistics Reports},
year = {2012},
volume = {61},
number = {5},
pages = {1--19},
month = {Oct}
}

@article{Hoyert:2012tv,
author = {Hoyert, Donna L and Xu, Jiaquan},
title = {{Deaths: Preliminary Data for 2011}},
journal = {National Vital Statistics Reports},
year = {2012},
volume = {61},
number = {6},
pages = {1--52},
month = {Oct}
}


@article{Jones:2001wn,
author = {Jones, Charles I},
title = {{Was an industrial revolution inevitable? Economic growth over the very long run}},
journal = {Advances in Macroeconomics},
year = {2001},
volume = {1},
number = {2},
pages = {1--43}
}

@article{Martin:2012tc,
author = {Martin, Joyce A and Hamilton, Brady E and Ventura, Stephanie J and Osterman, Michelle J K and Wilson, Elizabeth C and Mathews, J T},
title = {{Births: Final Data for 2010}},
journal = {National Vital Statistics Reports},
year = {2012},
volume = {61},
number = {1},
pages = {1--71},
month = aug
}

@article{Murphy:2013vg,
author = {Murphy, Sherry L and Xu, Jiaquan and Kochanek, Kenneth D},
title = {{Deaths: Final Data for 2010}},
journal = {National Vital Statistics Reports},
year = {2013},
volume = {61},
number = {4},
pages = {1--167},
month = may
}

@misc{OECDStatExtracts:2013a,
author = {{OECD}},
title = {{Organization for Economic Co-operation and Development StatExtracts Online Database, R-D personnel by sector of employment and occupation table}},
year = {2013},
howpublished = {\protect\url{http://stats.oecd.org/Index.aspx?DataSetCode=PERS_OCCUP}}
}

@manual{R,
title = {R: A Language and Environment for Statistical Computing},
author = {{R Core Team}},
organization = {R Foundation for Statistical Computing},
address = {Vienna, Austria},
year = {2012},
note = {{ISBN} 3-900051-07-0},
url = {http://www.R-project.org/}
}

@misc{USCB:2013a,
author = {{USCB}},
title = {{United States Census Bureau Online Database}},
year = {2013},
howpublished = {\protect\url{http://www.census.gov/hhes/www/income/data/historical/people/}}
}

@misc{WorldBankGEP:2013a,
author = {{World Bank}},
title = {{World Bank Global Economic Prospects (GEP) Online Database}},
year = {2013},
howpublished = {\protect\url{http://data.worldbank.org/data-catalog/global-economic-prospects}}
}

@misc{WorldBankWDI:2013a,
author = {{World Bank}},
title = {{World Bank World Development Indicators (WDI) Online Database}},
year = {2013},
howpublished = {\protect\url{http://data.worldbank.org/data-catalog/world-development-indicators}}
}