@book{Gandrud:2013vx,
author = {Gandrud, Christopher},
title = {{Reproducible Research with R and RStudio}},
publisher = {Taylor {\&} Francis},
year = {2013},
series = {Chapman {\&} Hall/CRC The R Series},
address = {Oxford, UK},
edition = {1st},
month = {Jul}
}

@article{Jones:2001wn,
author = {Jones, Charles I},
title = {{Was an industrial revolution inevitable? Economic growth over the very long run}},
journal = {Advances in Macroeconomics},
year = {2001},
volume = {1},
number = {2},
pages = {1--43}
}

@manual{R,
    title = {R: A Language and Environment for Statistical Computing},
    author = {{R Core Team}},
    organization = {R Foundation for Statistical Computing},
    address = {Vienna, Austria},
    year = {2012},
    note = {{ISBN} 3-900051-07-0},
    url = {http://www.R-project.org/}
}


